<?xml version="1.0" encoding="UTF-8"?><record xmlns="http://www.loc.gov/MARC21/slim" xmlns:cinclude="http://apache.org/cocoon/include/1.0" xmlns:zs="http://www.loc.gov/zing/srw/">
  <leader>00501cz  a2200145n  4500</leader>
  <controlfield tag="001">n 2007031676</controlfield>
  <controlfield tag="003">DLC</controlfield>
  <controlfield tag="005">20070505075039.0</controlfield>
  <controlfield tag="008">070504n| acannaabn          |a aaa      </controlfield>
  <datafield tag="010" ind1=" " ind2=" ">
    <subfield code="a">n 2007031676</subfield>
  </datafield>
  <datafield tag="040" ind1=" " ind2=" ">
    <subfield code="a">DLC</subfield>
    <subfield code="b">eng</subfield>
    <subfield code="c">DLC</subfield>
  </datafield>
  <datafield tag="100" ind1="1" ind2=" ">
    <subfield code="a">Jeney-Tóth, Annamária,</subfield>
    <subfield code="d">1970-</subfield>
  </datafield>
  <datafield tag="400" ind1="1" ind2=" ">
    <subfield code="a">Tóth, Annamária Jeney-,</subfield>
    <subfield code="d">1970-</subfield>
  </datafield>
  <datafield tag="670" ind1=" " ind2=" ">
    <subfield code="a">Várostörténeti források, 2005:</subfield>
    <subfield code="b">t.p. (Jeney-Tóth Annamária)</subfield>
  </datafield>
  <datafield tag="670" ind1=" " ind2=" ">
    <subfield code="a">Internet, Librivision: OSZK cat., May 4, 2007</subfield>
    <subfield code="b">(hdg.: Jeney-Tóth Annamária, 1970- )</subfield>
  </datafield>
</record>